<?xml version="1.0" encoding="UTF-8"?><collection xmlns="http://www.loc.gov/MARC21/slim"><record><leader>00560nam--2200181-i-4500</leader><controlfield tag="001">000019963</controlfield><controlfield tag="002">20161230</controlfield><controlfield tag="005">20161230201033</controlfield><controlfield tag="008">060222s1000------------r-----000-0-fre-d</controlfield><datafield ind1=" " ind2=" " tag="040"><subfield code="a">IFIN-HH</subfield></datafield><datafield ind1=" " ind2=" " tag="041"><subfield code="a">fre</subfield></datafield><datafield ind1=" " ind2=" " tag="080"><subfield code="a">538.911(043)</subfield></datafield><datafield ind1="1" ind2=" " tag="100"><subfield code="a">Feraudy, Marie-francoise, Nee Rain</subfield></datafield><datafield ind1="1" ind2="0" tag="245"><subfield code="a">Modeles statiques et dynamiques pour l'etude d'agregats comprenant jusqu'a 1000 atomes</subfield><subfield code="b">These</subfield><subfield code="c">Marie-francoise feraudy, nee rain</subfield></datafield><datafield ind1=" " ind2=" " tag="260"><subfield code="a">Orsay</subfield><subfield code="b">Universite De Paris-sud</subfield><subfield code="c">1979</subfield></datafield><datafield ind1=" " ind2=" " tag="300"><subfield code="a">209 P</subfield></datafield><datafield ind1=" " ind2=" " tag="852"><subfield code="a">49588</subfield><subfield code="c">539.2</subfield></datafield><datafield ind1=" " ind2=" " tag="CAT"><subfield code="a">Sys</subfield><subfield code="c">20121101</subfield><subfield code="h">170856</subfield></datafield></record></collection>